@BOOK{DUMMY:1,
AUTHOR="John",
TITLE="The Book Without tile",
PUBLISHER="Dummy",
YEAR="2100",
}

@INBOOK{parallel_dist,
	author = "Eduard Ayguade, Nawal Copty, Alejandro Duran",
	title = "The Design of OpenMP Tasks",
	publisher = "IEEE Trans",
	year = "2009",
	pages = "404-418"
}

@misc{pdplab,
	title = "Introduction to OpenMP",
	author = "K.Margaritis",
	howpublished = "\url{pdplab.it.uom/teaching/llnl-gr/OpenMP.html#Abstract}",
	note = "Accessed: 2020-06-25"
}

@misc{false_sharing,
	title = "False Sharing",
	author = "Intel Corporation",
	howpublished = "\url{https://scc.ustc.edu.cn/zlsc/sugon/intel/compiler_c/main_cls/cref_cls/common/cilk_false_sharing.htm}",
	note = "Accessed: 2020-04-13"
}

@INBOOK{thenextstep59,
	author = "Ruud van der Pas, E. Stotzer, C. Terboven",
	title = "Using OpenMP. The Next Step: affinity, accelerators, tasking, SIMD",
	publisher = "The MIT Press",
	year = "2017",
	pages = "59"
}
	
@INBOOK{thenextstep20,
	author = "Ruud van der Pas, E. Stotzer, C. Terboven",
	title = "Using OpenMP. The Next Step: affinity, accelerators, tasking, SIMD",
	publisher = "The MIT Press",
	year = "2017",
	pages = "20"
}

@INBOOK{thenextstep7,
	author = "Ruud van der Pas, E. Stotzer, C. Terboven",
	title = "Using OpenMP. The Next Step: affinity, accelerators, tasking, SIMD",
	publisher = "The MIT Press",
	year = "2017",
	pages = "7"
}

@INBOOK{thenextstep9,
	author = "Ruud van der Pas, E. Stotzer, C. Terboven",
	title = "Using OpenMP. The Next Step: affinity, accelerators, tasking, SIMD",
	publisher = "The MIT Press",
	year = "2017",
	pages = "9"
}


@INBOOK{book2,
	author = "Rohit Chandra, Ramesh Menon, Leo Dagum",
	title = "Parallel Programming in OpenMP",
	publisher = "Morgan Kaufmann",
	year = "2000",
	pages = "21"
}

@INBOOK{book2_23,
	author = "Rohit Chandra, Ramesh Menon, Leo Dagum",
	title = "Parallel Programming in OpenMP",
	publisher = "Morgan Kaufmann",
	year = "2000",
	pages = "23"
}

@INBOOK{examplesopm45,
	author = "OpenMP",
	title = "OpenMP Application Programming Interface Examples",
	publisher = "OpenMP",
	year = "2016",
	pages = "78"
}



@misc{openmpse16,
	title = "Worksharing Constructs",
	howpublished = "\url{https://www.openmp.org/spec-html/5.0/openmpse16.html}",
	note = "Accessed: 2020-05-20"
}

@misc{ompblaise,
	title = "OpenMP",
	author = "Blaise Barney",
	howpublished = "\url{https://computing.llnl.gov/tutorials/openMP/}",
	note = "Accessed: 2020-05-20"
}

@misc{googleparallelprog,
        title = "\el{Παράλληλος Προγραμματισμός}",
        author = "Wikipedia",
        howpublished = "\url{el.wikipedia.org/wiki/Parallel_computing}",
        note = "Accessed: 2020-05-26"
}

@misc{ompsyntaxrefguide,
	title = "OpenMP 4.5 API C/C++ Syntax Reference Guide",
	author = "OpenMP ARB",
	howpublished = "\url{https://www.openmp.org/wp-content/uploads/OpenMP-4.5-1115-CPP-web.pdf}",
	note = "Accessed: 2020-06-20"
}


@PROCEEDINGS{tasking1,
  title = {An Extension to Improve OpenMP Tasking Control
      (Tsukuba, Japan, June 2010)},
  booktitle = {Beyond Loop Level
Parallelism in OpenMP:
Accelerators, Tasking
and More
      (Tsukuba, Japan, June 2010)},
  volume = 6132,
  series = {Lecture Notes in Computer Science},
  publisher = {Springer},
  address = {Berlin, Germany},
  year = {2010}
}
